@book{H.T.T.,
  shorthand = {H.T.T.},
  title={D-modules, perverse sheaves, and representation theory},
  author={Hotta, Ryoshi and Takeuchi, Kiyoshi and Tanisaki, Toshiyuki},
  volume={236},
  year={2007},
  publisher={Springer Science \& Business Media}
}

@book{GR1,
  shorthand = {GR1},
  title={A study in derived algebraic geometry: Volume I: correspondences and duality},
  author={Gaitsgory, Dennis and Rozenblyum, Nick},
  volume={221},
  year={2019},
  publisher={American Mathematical Society}
}

@book{GR2,
  shorthand = {GR2},
  title={A Study in Derived Algebraic Geometry: Volume II: Deformations, Lie Theory and Formal Geometry},
  author={Gaitsgory, Dennis and Rozenblyum, Nick},
  journal={Mathematical surveys and monographs},
  volume={221},
  year={2017}
}

@misc{Lurie-DAGX,
  shorthand = {Lurie-DAGX},
  author = {Lurie, Jacob},
  title = "{Derived Algebraic Geometry X: Formal Moduli Problems}",
  howpublished ={\url{https://people.math.harvard.edu/~lurie/papers/DAG-X.pdf}},
  year = 2011,
  month = nov,
  note = {Accessed: 2022}
}

@misc{Keller,
  shorthand = {Keller},
  author = {Keller, Jacob},
  title = "{Beilinson--Bernstein Localization}",
  howpublished ={\url{http://math.uchicago.edu/~may/REU2018/REUPapers/Keller.pdf}},
  year = 2018,
  note = {Accessed: 2022}
}

@misc{Kerodon,
  shorthand = {Kerodon},
  author = {Lurie, Jacob},
  title = "{Kerodon}",
  howpublished ={\url{https://kerodon.net/}},
  year = 2022,
  note = {Accessed: 2022}
}

@misc{stacks,
  shorthand = {Stacks},
  title = "{Stacks Project}",
  howpublished ={\url{https://stacks.math.columbia.edu/}},
  year = 2022,
  note = {Accessed: 2022}
}

@article{Lurie-HA,
  shorthand = {Lurie-HA},
  title={Higher algebra},
  author={Lurie, Jacob},
  year={2017},
  publisher={Harvard University}
}

@incollection{Lurie-HTT,
shorthand = {Lurie-HTT},
author = {Lurie, Jacob},
year = {2006},
month = {09},
pages = {},
title = {Higher Topos Theory},
journal = {Annals of Mathematics Studies}
}

@article{BZFN,
  shorthand = {BZFN},
  title={Integral transforms and Drinfeld centers in derived algebraic geometry},
  author={Ben-Zvi, David and Francis, John and Nadler, David},
  journal={Journal of the American Mathematical Society},
  volume={23},
  number={4},
  pages={909--966},
  year={2010}
}

@article{Crys,
shorthand = {Crys},
author = {Gaitsgory, Dennis and Rozenblyum, Nick},
year = {2011},
month = {11},
pages = {},
title = {Crystals and D-modules},
volume = {10},
journal = {Pure and Applied Mathematics Quarterly},
doi = {10.4310/PAMQ.2014.v10.n1.a2}
}

@article{DGINDSCH,
  shorthand = {DGINDSCH},
  title={DG indschemes},
  author={Gaitsgory, Dennis and Rozenblyum, Nick},
  journal={Perspectives in representation theory},
  volume={610},
  pages={139--251},
  year={2014}
}

@misc{INDCOH,
  shorthand = {INDCOH},
  doi = {10.48550/ARXIV.1105.4857},
  
  url = {https://arxiv.org/abs/1105.4857},
  
  author = {Gaitsgory, Dennis},
  
  keywords = {Algebraic Geometry (math.AG), FOS: Mathematics, FOS: Mathematics, 14F05},
  
  title = {Ind-coherent sheaves},
  
  publisher = {arXiv},
  
  year = {2011},
  
  copyright = {arXiv.org perpetual, non-exclusive license}
}

@article{BGG,
  shorthand = {BGG},
  title={Differential operators on a cubic cone},
  author={Bernstein, IN and Gel'fand, Izrail Moiseevich and Gel'fand, SI},
  journal={Russian Mathematical Surveys},
  volume={27},
  number={1},
  pages={169--174},
  year={1972},
  publisher={Turpion Ltd}
}